<?xml version="1.0" encoding="UTF-8"?><collection xmlns="http://www.loc.gov/MARC21/slim"><record><leader>00524nam--2200181-i-4500</leader><controlfield tag="001">000008552</controlfield><controlfield tag="002">20161230</controlfield><controlfield tag="005">20161230201027</controlfield><controlfield tag="008">060222s1000------------r-----000-0-eng-d</controlfield><datafield ind1=" " ind2=" " tag="040"><subfield code="a">IFIN-HH</subfield></datafield><datafield ind1=" " ind2=" " tag="080"><subfield code="a">621.375.826</subfield></datafield><datafield ind1="1" ind2=" " tag="100"><subfield code="a">Develis, John B</subfield></datafield><datafield ind1="1" ind2="0" tag="245"><subfield code="a">Theory and applications of holography</subfield><subfield code="c">John b. develis, george o. reynolds</subfield></datafield><datafield ind1=" " ind2=" " tag="260"><subfield code="a">DON MILLS, ONTARIO</subfield><subfield code="b">Addison-wesley Publishing Company</subfield><subfield code="c">1967</subfield></datafield><datafield ind1=" " ind2=" " tag="300"><subfield code="a">XI+196P</subfield></datafield><datafield ind1="1" ind2=" " tag="700"><subfield code="a">Reynolds, George O</subfield></datafield><datafield ind1=" " ind2=" " tag="852"><subfield code="a">58735</subfield><subfield code="c">535</subfield></datafield><datafield ind1=" " ind2=" " tag="CAT"><subfield code="a">Sys</subfield><subfield code="c">20101025</subfield><subfield code="h">145022</subfield></datafield></record></collection>